<record><leader>00000cas a22000007a 4500</leader><controlfield tag="001">20557451</controlfield><controlfield tag="008">891027d18981984mduwr ne      0    0eng d</controlfield><datafield ind1=" " ind2=" " tag="010"><subfield code="a">sn 89060234 </subfield></datafield><datafield ind1=" " ind2=" " tag="040"><subfield code="a">MFN</subfield><subfield code="b">eng</subfield><subfield code="c">MFN</subfield><subfield code="d">OCLCQ</subfield></datafield><datafield ind1=" " ind2=" " tag="042"><subfield code="a">msc</subfield></datafield><datafield ind1=" " ind2="4" tag="050"><subfield code="a">AN41.81.S7</subfield><subfield code="b">M27</subfield></datafield><datafield ind1="0" ind2="0" tag="245"><subfield code="a">Marylander and herald.</subfield></datafield><datafield ind1="3" ind2="0" tag="246"><subfield code="a">Marylander &amp; herald</subfield></datafield><datafield ind1=" " ind2=" " tag="260"><subfield code="a">Princess Anne, Md. :</subfield><subfield code="b">Fontaine &amp; Dashiell</subfield></datafield><datafield ind1=" " ind2=" " tag="300"><subfield code="a">v.</subfield></datafield><datafield ind1=" " ind2=" " tag="310"><subfield code="a">Weekly</subfield></datafield><datafield ind1="1" ind2=" " tag="362"><subfield code="a">Began in 1898.</subfield></datafield><datafield ind1="0" ind2=" " tag="362"><subfield code="a">-v. 159, no. 39 (Dec. 26, 1984).</subfield></datafield><datafield ind1=" " ind2=" " tag="500"><subfield code="a">Published as: Marylander &amp; herald, Oct. 7, 1982-1984.</subfield></datafield><datafield ind1=" " ind2=" " tag="588"><subfield code="a">Description based on: Vol. 1, no. 36 (Apr. 4, 1899).</subfield></datafield><datafield ind1=" " ind2=" " tag="752"><subfield code="a">United States</subfield><subfield code="b">Maryland</subfield><subfield code="c">Somerset</subfield><subfield code="d">Princess Anne.</subfield></datafield><datafield ind1="0" ind2="4" tag="780"><subfield code="t">Marylander (Princess Anne, Md.)</subfield><subfield code="w">(DLC)sn 90057294</subfield></datafield><datafield ind1="0" ind2="4" tag="780"><subfield code="t">Somerset herald (Princess Anne, Md. : 1861)</subfield><subfield code="w">(DLC)sn 84026700</subfield></datafield><datafield ind1="0" ind2="0" tag="785"><subfield code="t">Somerset herald (Princess Anne, Md. : 1985)</subfield><subfield code="x">8756-6397</subfield><subfield code="w">(DLC)sn 85000370</subfield></datafield><datafield ind1="1" ind2=" " tag="029"><subfield code="a">AU@</subfield><subfield code="b">000025848097</subfield></datafield></record>